@online{sample,
    author = "max mustermann",
    title = "sample citation",
    url  = "http://example.com",
    year = "2000",
    addendum = "(accessed: 01.09.2016)",
}

@article{robertson_new-proof,
    author = "Neil Robertson and Daniel P. Sanders and Paul Seymour and Robin Thomas",
    title = "A new proof on the four color theorem",
    url  = "http://people.math.gatech.edu/~thomas/PAP/npfc.pdf",
    year = "1996",
    addendum = "(accessed: 2019-10-03)",
}

@article{formal_proof,
    author = "Georges Gonthier",
    title = "Formal Proof â€” The Four Color Theorem",
    url  = "https://www.ams.org/notices/200811/tx081101382p.pdf",
    year = "2008",
    addendum = "(accessed: 2019-10-03)",
}

@article{journey_through_time,
    author = "Andreea S. Calude",
    title = "The Journey of the Four Colour Theorem Through Time",
    url  = "https://researchspace.auckland.ac.nz/handle/2292/5162",
    year = "1996",
    addendum = "(accessed: 2019-10-03)",
}

@article{efficiently_coloring,
    author = "Neil Robertson and Daniel P. Sanders and Paul Seymour and Robin Thomas",
    title = "Efficiently four-coloring planar graphs",
    url  = "http://people.math.gatech.edu/~thomas/PAP/fcstoc.pdf",
    addendum = "(accessed: 2019-10-04)",
}

@article{wrong_proof,
    author = "Padraic Bartlett",
    title = "Minilecture 3: A (false) Proof of the Four-Color Theorem",
    url  = "http://web.math.ucsb.edu/~padraic/ucsb_2014_15/math_honors_f2014/math_honors_f2014_lecture4.pdf",
    year = "2014",
    addendum = "(accessed: 2019-10-04)",
}

@article{implications,
    author = "Edward Reinier Swart",
    title = "The Philosophical Implications of the Four-Color Problem",
    url  = "https://www.maa.org/programs/maa-awards/writing-awards/the-philosophical-implications-of-the-four-color-problem",
    year = "1950",
    addendum = "(accessed: 2019-10-04)",
}